% Encoding: UTF-8

@InProceedings{martyanov2015nuclear,
  author          = {Martyanov, D. S. and Soukhovitskii, E. Sh.},
  booktitle       = {{LXV International conference NUCLEUS 2015. New horizons in nuclear physics, nuclear engineering, femto-and nanotechnologies. Book of abstracts}},
  title           = {{Nuclear Hamiltonian parameters for even-even actinides in soft-rotator model}},
  year            = {2015},
  editor          = {Vlasnikov, A. K.},
  pages           = {140},
  publisher       = {BBM},
  authorconfshort = {true},
  language        = {english},
}

@Article{Soukhovitskii2016,
  author    = {Soukhovitskiĩ, E. Sh. and Capote, R. and Quesada, J. M. and Chiba, S. and Martyanov, D. S.},
  journal   = {Physical Review C},
  title     = {{Nucleon scattering on actinides using a dispersive optical model with extended couplings}},
  year      = {2016},
  issn      = {2469-9985},
  month     = {dec},
  number    = {6},
  pages     = {064605},
  volume    = {94},
  authorvak = {true},
  doi       = {10.1103/PhysRevC.94.064605},
  language  = {english},
  url       = {http://link.aps.org/doi/10.1103/PhysRevC.94.064605},
}

@Article{Martyanov2017,
  author    = {Martyanov, Dmitry and Soukhovitskii, Efrem and Capote, Roberto and Quesada, Jose Manuel and Chiba, Satoshi},
  journal   = {EPJ Web of Conferences},
  title     = {{Optical model with multiple band couplings using soft rotator structure}},
  year      = {2017},
  issn      = {2100-014X},
  month     = {sep},
  pages     = {12031},
  volume    = {146},
  authorvak = {true},
  doi       = {10.1051/epjconf/201714612031},
  editor    = {Plompen, A. and Hambsch, F.-J. and Schillebeeckx, P. and Mondelaers, W. and Heyse, J. and Kopecky, S. and Siegler, P. and Oberstedt, S.},
  language  = {english},
  url       = {http://www.epj-conferences.org/10.1051/epjconf/201714612031},
}

@Article{Zhao2019,
  author    = {Zhao, Xiuniao and Sun, Weili and Soukhovitskiı̃, E. Sh. and Martyanov, Dmitry S. and Quesada, Jose Manuel and Capote, Roberto},
  journal   = {Journal of Physics G: Nuclear and Particle Physics},
  title     = {{Analysis of neutron bound states of 208 Pb by a dispersive optical model potential}},
  year      = {2019},
  issn      = {0954-3899},
  month     = {may},
  number    = {5},
  pages     = {055103},
  volume    = {46},
  authorvak = {true},
  doi       = {10.1088/1361-6471/ab0010},
  language  = {english},
  url       = {http://stacks.iop.org/0954-3899/46/i=5/a=055103?key=crossref.993b9737719c048538ba64553718389f},
}


@Article{Quesada2017,
  author    = {Quesada, Jos{\'{e}} Manuel and Martyanov, Dmitry and Soukhovitskiĩ, Efrem and Capote, Roberto and Chiba, Satoshi},
  journal   = {EPJ Web of Conferences},
  title     = {{Saturation of coupling of collective levels in optical model calculations of even-even actinides}},
  year      = {2017},
  issn      = {2100-014X},
  month     = {sep},
  pages     = {12013},
  volume    = {146},
  authorvak = {true},
  doi       = {10.1051/epjconf/201714612013},
  editor    = {Plompen, A. and Hambsch, F.-J. and Schillebeeckx, P. and Mondelaers, W. and Heyse, J. and Kopecky, S. and Siegler, P. and Oberstedt, S.},
  language  = {english},
  url       = {http://www.epj-conferences.org/10.1051/epjconf/201714612013},
}

@Article{Martyanov2017a,
  author    = {Martyanov, D. S. and Soukhovitskiĩ, E. Sh. and Capote, R. and Quesada, J. M. and Chiba, S.},
  journal   = {Chinese Physics C},
  title     = {{Predicting the optical observables for nucleon scattering on even-even actinides}},
  year      = {2017},
  issn      = {1674-1137},
  month     = {sep},
  number    = {9},
  pages     = {094105},
  volume    = {41},
  authorvak = {true},
  doi       = {10.1088/1674-1137/41/9/094105},
  language  = {english},
  url       = {http://stacks.iop.org/1674-1137/41/i=9/a=094105?key=crossref.ef6a12f37893d7156a4e2e07fc2a49be},
}



@Article{Martyanov2020,
  author    = {Martyanov, Dmitry and Soukhovitskiĩ, Efrem and Capote, Roberto and Quesada, Jos{\'{e}} M. and Chiba, Satoshi},
  journal   = {EPJ Web of Conferences},
  title     = {{Multiband coupling and nuclear softness in optical model calculations for even-even and odd- A actinides}},
  year      = {2020},
  issn      = {2100-014X},
  month     = {sep},
  pages     = {03003},
  volume    = {239},
  abstract  = {A new dispersive multiband coupled channels optical model with soft-rotator “effective” deformations is proposed to describe nucleon scattering on even-even and odd-A actinides. The impact of the introduction of axial and non-axial dynamical deformations that describe nuclear softness is discussed. Softness and multiband coupling are shown to change compound-nucleus formation cross section by up to ≈ 10% for incident neutron energies below 1 MeV.},
  authorvak = {true},
  doi       = {10.1051/epjconf/202023903003},
  editor    = {Ge, Z. and Shu, N. and Chen, Y. and Wang, W. and Zhang, H.},
  language  = {english},
  url       = {https://www.epj-conferences.org/10.1051/epjconf/202023903003},
}

@Article{Zhao2020,
  author    = {Zhao, Xiuniao and Sun, Weili and Capote, R. and Soukhovitskiĩ, E. Sh. and Martyanov, D. S. and Quesada, J. M.},
  journal   = {Physical Review C},
  title     = {{Dispersive optical model description of nucleon scattering on Pb and Bi isotopes}},
  year      = {2020},
  issn      = {2469-9985},
  month     = {jun},
  number    = {6},
  pages     = {064618},
  volume    = {101},
  authorvak = {true},
  doi       = {10.1103/PhysRevC.101.064618},
  language  = {english},
  url       = {https://link.aps.org/doi/10.1103/PhysRevC.101.064618},
}

@Article{Soukhovitskii2020,
  author    = {Soukhovitskiĩ, E. Sh. and Capote, R. and Quesada, J. M. and Chiba, S. and Martyanov, D. S.},
  journal   = {Physical Review C},
  title     = {{Erratum: Nucleon scattering on actinides using a dispersive optical model with extended couplings [Phys. Rev. C 94 , 064605 (2016)]}},
  year      = {2020},
  issn      = {2469-9985},
  month     = {nov},
  number    = {5},
  pages     = {059901},
  volume    = {102},
  authorvak = {true},
  doi       = {10.1103/PhysRevC.102.059901},
  language  = {english},
  url       = {https://link.aps.org/doi/10.1103/PhysRevC.102.059901},
}

@Article{Zhao2021,
  author    = {Zhao, Xiuniao and Sun, Weili and Soukhovitskii, Efrem Sh. and Martyanov, Dmitry S. and Quesada, Jose Manuel and Capote, Roberto},
  journal   = {Journal of Physics G: Nuclear and Particle Physics},
  title     = {{Nucleon scattering analysis with a lane-consistent dispersive optical potential for Hf, W and Ta isotopes}},
  year      = {2021},
  issn      = {0954-3899},
  authorvak = {true},
  doi       = {10.1088/1361-6471/abe280},
  language  = {english},
}

@InProceedings{nikiet,
  author       = {Мартьянов, Д. С. and Суховицкий, Е. Ш. and Капоте, Р. and Куэсада, Х. М.},
  booktitle    = {Конференция молодых специалистов: Инновации в атомной энергетике, 25--26 ноября 2015 г. Сборник докладов},
  title        = {Развитие метода сильной связи каналов для расчета оптических сечений рассеяния нуклонов на четно-четных актинидах},
  year         = {2015},
  organization = {АО <<НИКИЭТ>>},
  pages        = {737--745},
  authorconf   = {true},
  language     = {russian},
}

@InProceedings{wonder2018,
  author          = {Martyanov, Dmitry and Soukhovitskii, Efrem and Capote, Roberto and Quesada, Jose Manuel and Chiba, Satoshi},
  booktitle       = {{5th International Workshop On Nuclear DataEvaluation for Reactor Applications (WONDER-2018). Book of Abstracts}},
  title           = {{Unified approach for multiband optical model in soft deformed even-even and odd-A nuclides}},
  year            = {2018},
  pages           = {19},
  authorconfshort = {true},
  language        = {english},
  url             = {https://indico.cern.ch/event/701026/attachments/1590951/2784029/Book_abstract.pdf},
}

@InProceedings{isinn28,
  author          = {Martyanov, D. and Soukhovitskii, E. and Capote, R. and Quesada, J. M. and Chiba, S.},
  booktitle       = {28th International Seminar on Interactions of Neutrons with Nuclei (ISINN-28). Collection of abstracts.},
  title           = {{Multiband coupling and nuclear softness in dispersive Lane-consistent opticalmodel for actinides}},
  year            = {2021},
  organization    = {Frank Laboratory of Neutron Physics, JINR},
  pages           = {41},
  authorconfshort = {true},
  language        = {english},
  url             = {http://isinn.jinr.ru/past-isinns/isinn-28/ISINN28%20Abstract%20Book.pdf},
}

@Comment{jabref-meta: databaseType:bibtex;}
